<record><leader>00000cas a2200000 a 4500</leader><controlfield tag="001">8821141</controlfield><controlfield tag="008">820930d18221829inuwr ne      0   a0eng  </controlfield><datafield ind1=" " ind2=" " tag="010"><subfield code="a">sn 82015472 </subfield></datafield><datafield ind1=" " ind2=" " tag="040"><subfield code="a">DLC</subfield><subfield code="b">eng</subfield><subfield code="c">DLC</subfield><subfield code="d">NPX</subfield><subfield code="d">NPI</subfield><subfield code="d">DLC</subfield><subfield code="d">KNP</subfield><subfield code="d">OCL</subfield><subfield code="d">OCLCF</subfield><subfield code="d">OCLCO</subfield><subfield code="d">CUS</subfield><subfield code="d">IMD</subfield><subfield code="d">OCLCQ</subfield><subfield code="d">IUL</subfield><subfield code="d">DLC</subfield><subfield code="d">OCL</subfield></datafield><datafield ind1="0" ind2=" " tag="022"><subfield code="a">2574-8149</subfield><subfield code="2">1</subfield></datafield><datafield ind1=" " ind2=" " tag="042"><subfield code="a">pcc</subfield><subfield code="a">nsdp</subfield></datafield><datafield ind1=" " ind2=" " tag="043"><subfield code="a">n-us-in</subfield></datafield><datafield ind1=" " ind2="4" tag="050"><subfield code="a">AN</subfield></datafield><datafield ind1="0" ind2="0" tag="050"><subfield code="a">Newspaper 7715</subfield></datafield><datafield ind1="1" ind2="0" tag="082"><subfield code="a">071</subfield><subfield code="2">23</subfield></datafield><datafield ind1="0" ind2=" " tag="130"><subfield code="a">Indianapolis gazette (Indianapolis, Ind. : 1822)</subfield></datafield><datafield ind1=" " ind2="0" tag="222"><subfield code="a">Indianapolis gazette</subfield></datafield><datafield ind1="1" ind2="0" tag="245"><subfield code="a">Indianapolis gazette.</subfield></datafield><datafield ind1=" " ind2=" " tag="260"><subfield code="a">Indianapolis, Ind. :</subfield><subfield code="b">Smith &amp; Bolton,</subfield><subfield code="c">1822-1829.</subfield></datafield><datafield ind1=" " ind2=" " tag="300"><subfield code="a">8 volumes</subfield></datafield><datafield ind1=" " ind2=" " tag="310"><subfield code="a">Weekly</subfield></datafield><datafield ind1=" " ind2=" " tag="336"><subfield code="a">text</subfield><subfield code="b">txt</subfield><subfield code="2">rdacontent</subfield></datafield><datafield ind1=" " ind2=" " tag="337"><subfield code="a">unmediated</subfield><subfield code="b">n</subfield><subfield code="2">rdamedia</subfield></datafield><datafield ind1=" " ind2=" " tag="338"><subfield code="a">volume</subfield><subfield code="b">nc</subfield><subfield code="2">rdacarrier</subfield></datafield><datafield ind1="0" ind2=" " tag="362"><subfield code="a">Vol. 1, no. 1 (January. 28, 1822)-vol. VIII, no. 368 (October 15, 1829).</subfield></datafield><datafield ind1=" " ind2=" " tag="500"><subfield code="a">Title from masthead.</subfield></datafield><datafield ind1=" " ind2="0" tag="651"><subfield code="a">Indianapolis (Ind.)</subfield><subfield code="v">Newspapers.</subfield></datafield><datafield ind1=" " ind2="0" tag="651"><subfield code="a">Marion County (Ind.)</subfield><subfield code="v">Newspapers.</subfield></datafield><datafield ind1=" " ind2="7" tag="651"><subfield code="a">Indiana</subfield><subfield code="z">Marion County.</subfield><subfield code="2">fast</subfield><subfield code="0">(OCoLC)fst01213920</subfield></datafield><datafield ind1=" " ind2="7" tag="651"><subfield code="a">Indiana</subfield><subfield code="z">Indianapolis.</subfield><subfield code="2">fast</subfield><subfield code="0">(OCoLC)fst01205182</subfield></datafield><datafield ind1=" " ind2="7" tag="655"><subfield code="a">Newspapers.</subfield><subfield code="2">fast</subfield><subfield code="0">(OCoLC)fst01423814</subfield></datafield><datafield ind1=" " ind2=" " tag="752"><subfield code="a">United States</subfield><subfield code="b">Indiana</subfield><subfield code="c">Marion</subfield><subfield code="d">Indianapolis.</subfield></datafield><datafield ind1="0" ind2="0" tag="780"><subfield code="t">Indianian (Jeffersonville, Ind.)</subfield><subfield code="x">2334-4369</subfield><subfield code="w">(DLC)sn 85048105</subfield><subfield code="w">(OCoLC)12743189</subfield></datafield><datafield ind1="0" ind2="0" tag="785"><subfield code="t">Indiana State gazette</subfield><subfield code="x">2574-8157</subfield><subfield code="w">(DLC)sn 82015475</subfield><subfield code="w">(OCoLC)8820904</subfield></datafield><datafield ind1="4" ind2="1" tag="856"><subfield code="u">https://access.newspaperarchive.com/us/indiana/indianapolis/indianapolis-gazette/</subfield></datafield></record>